<?xml version="1.0" encoding="UTF-8"?><record xmlns="http://www.loc.gov/MARC21/slim" xmlns:cinclude="http://apache.org/cocoon/include/1.0" xmlns:zs="http://www.loc.gov/zing/srw/">
  <leader>00415nz  a2200145n  4500</leader>
  <controlfield tag="001">no 00060168 </controlfield>
  <controlfield tag="003">DLC</controlfield>
  <controlfield tag="005">20000804064216.0</controlfield>
  <controlfield tag="008">000803n| acannaabn          |n aad      </controlfield>
  <datafield tag="010" ind1=" " ind2=" ">
    <subfield code="a">no 00060168 </subfield>
  </datafield>
  <datafield tag="035" ind1=" " ind2=" ">
    <subfield code="a">(OCoLC)oca05278543</subfield>
  </datafield>
  <datafield tag="040" ind1=" " ind2=" ">
    <subfield code="a">DLC-SM</subfield>
    <subfield code="b">eng</subfield>
    <subfield code="c">DLC-SM</subfield>
  </datafield>
  <datafield tag="100" ind1="1" ind2=" ">
    <subfield code="a">Virapin, Jocelyn</subfield>
  </datafield>
  <datafield tag="667" ind1=" " ind2=" ">
    <subfield code="a">Machine-derived authority record.</subfield>
  </datafield>
  <datafield tag="670" ind1=" " ind2=" ">
    <subfield code="a">LCCN 99-385008: Jocelyn Virapin preĚsente le Groupe Gwa Ka, p1997</subfield>
  </datafield>
</record>